@article{takeda1992expert,
  title={An expert system for determining the discriminative functions for bill money recognition},
  author={Takeda, Fumiaki and Omatu, Sigeru and Inoue, Takashi},
  journal={Journal of Information Processing},
  volume={15},
  number={3},
  pages={495},
  year={1992},
  publisher={Information Processing Society of Japan}
}

@article{fukumi1992rotation,
  title={Rotation-invariant neural pattern recognition system with application to coin recognition},
  author={Fukumi, Minoru and Omatu, Sigeru and Takeda, Fumiaki and Kosaka, Toshihisa},
  journal={IEEE Transactions on neural networks},
  volume={3},
  number={2},
  pages={272--279},
  year={1992},
  publisher={IEEE}
}

@MastersThesis{Adisorn41,
author = {\normalfont อดิศร    ลีลาสันติธรรม},
title = {\normalfont ระบบการรู้จำธนบัตร},
school = {\normalfont ภาควิชาวิศวกรรมไฟฟ้า คณะวิศวกรรมศาสตร์ มหาวิทยาลัยเทคโนโลยีพระจอมเกล้าธนบุรี},
year = { 2541}
}
@inproceedings{zhu2006robust,
  title={A robust stamp detection framework on degraded documents},
  author={Zhu, Guangyu and Jaeger, Stefan and Doermann, David},
  booktitle={Document Recognition and Retrieval XIII},
  volume={6067},
  pages={60670B},
  year={2006},
  organization={International Society for Optics and Photonics}
}

@inproceedings{micenkov2011stamp,
  title={Stamp detection in color document images},
  author={Micenkov, Barbora and van Beusekom, Joost},
  booktitle={Document Analysis and Recognition (ICDAR), 2011 International Conference on},
  pages={1125--1129},
  year={2011},
  organization={IEEE}
}

@article{ioannou1999circle,
  title={Circle recognition through a 2D Hough transform and radius histogramming},
  author={Ioannou, Dimitrios and Huda, Walter and Laine, Andrew F},
  journal={Image and vision computing},
  volume={17},
  number={1},
  pages={15--26},
  year={1999},
  publisher={Elsevier}
}

@article{basalamah2012histogram,
  title={Histogram based circle detection},
  author={Basalamah, Saleh},
  journal={International Journal of Computer Science and Network Security},
  volume={12},
  number={8},
  pages={40--43},
  year={2012}
}

@book{Kosin48,
  title={\normalfont การประมวลผลสารสนเทศ},
  author={\normalfont โกสินทร์  จำนงไทย},
  year={2548},
  publisher={\normalfont บริษัท จรัลสนิทวงศ์การพิมพ์ จำกัด, }
}


@MastersThesis{Sirisak55,
author = {\normalfont ศิริศักดิ์  เลียงวงษ์สันต์},
title = {\normalfont การตรวจรูปการเสียของแผ่นบันทึกข้อมูลโดยใช้การประมวลผลภาพและโครงข่ายประสาทเทียม},
school = {\normalfont สาขาวิชาแมคคาทรอนิกส์ คณะวิศวกรรมศาสตร์ มหาวิทยาลัยเทคโนโลยีสุรนารี},
year = { 2555}
}

@MastersThesis{Jira49,
author = {\normalfont จิรา  แก้วสุวรรณ์},
title = {\normalfont การตรวจจับและการแก้ไขการวางตัวของภาพโดยใช้ซัพพอร์ตเวกเตอร์แมชชีน},
school = {\normalfont ภาคเทคโนโลยีคอมพิวเตอร์ สถาบันเทคโนโลยีพระจอมเกล้าพระนครเหนือ},
year = { 2549}
}

@MastersThesis{Supakiti60,
author = {\normalfont ศุภกิตติ  โสภาสพ},
title = {\normalfont การพัฒนาการตรวจจับพื้นที่ใบหน้าและวัตถุบริเวณดวงตาโดยใช้การประมวลผลภาพ},
school = {\normalfont สาขาวิชาวิศวกรรอิเล็กทรอนิคส์และ	โทรคมนาคม คณะวิศวกรรมศาสตร์ มหาวิทยาลัยเทคโนโลยีราชมงคลธัญบุรี},
year = { 2560}
}

