@string{ ccr = {Comp. Commun. Review}}
@string{ tom = {IEEE Trans. Multimedia}}
@string{ tomp = {IEEE Trans. Mobile Computing}}
@string{ ton = {IEEE/ACM Trans. Networking}}
@string{ toc = {IEEE Trans. Commun.}}
@string{ tocp = {IEEE Trans. Comp.}}
@string{ toi = {IEEE Trans. Info. Theory}}
@string{ toa = {IEEE Trans. Automat. Contr.}}
@string{ tow = {IEEE Trans. Wireless Commun.}}
@string{ telesys = {Telecommun. Syst.}}
@string{ jsac = {IEEE J. Select. Areas Commun.}}
@string{ jacm = {J. ACM}}
@string{ commag = {IEEE Commun. Mag.}}
@string{ wcommag = {IEEE Wireless Commun. Mag.}}
@string{ netmag = {IEEE Network Mag.}}

@string{ icc = {Proc. IEEE ICC}}
@string{ icc90 = {Proc.	IEEE ICC'90}}
@string{ icc91 = {Proc.	IEEE ICC'91}}
@string{ icc92 = {Proc.	IEEE ICC'92}}
@string{ icc93 = {Proc.	IEEE ICC'93}}
@string{ icc94 = {Proc.	IEEE ICC'94}}
@string{ icc95 = {Proc.	IEEE ICC'95}}
@string{ icc96 = {Proc.	IEEE ICC'96}}
@string{ icc97 = {Proc.	IEEE ICC'97}}
@string{ icc98 = {Proc.	IEEE ICC'98}}
@string{ icc99 = {Proc.	IEEE ICC'99}}
@string{ icc00 = {Proc.	IEEE ICC'00}}
@string{ icc01 = {Proc.	IEEE ICC'01}}
@string{ icc02 = {Proc.	IEEE ICC'02}}
@string{ icc90_adr  = {Atlanta, GA}}
@string{ icc91_adr  = {Denver, CO}}
@string{ icc92_adr  = {Chicago, IL}}
@string{ icc93_adr  = {Geneva, Switzerland}}
@string{ icc94_adr  = {New Orleans, LA}}
@string{ icc95_adr  = {Seattle, WA}}
@string{ icc96_adr  = {Dallas, TX}}
@string{ icc97_adr  = {Montreal, Canada}}
@string{ icc98_adr  = {Atlanta, GA}}
@string{ icc99_adr  = {Vancouver, Canada}}
@string{ icc00_adr  = {New Orleans, LA}}
@string{ icc01_adr  = {Helsinki, Finland}}
@string{ icc02_adr  = {New York, NY}}

@String{ iwqos = {Proc. IEEE/IFIP IWQoS}}
@String{ iwqos98 = {Proc. IEEE/IFIP IWQoS'98}}
@String{ iwqos99 = {Proc. IEEE/IFIP IWQoS'99}}
@String{ iwqos00 = {Proc. IEEE/IFIP IWQoS'00}}
@String{ iwqos01 = {Proc. IEEE/IFIP IWQoS'01}}
@String{ iwqos98_adr  = {Napa, CA}}
@String{ iwqos99_adr  = {UCL, London}}
@String{ iwqos00_adr  = {Pittsburgh, PA}}
@String{ iwqos01_adr  = {Karlsruhe, Germany}}

@String{ infocom89 = {Proc. IEEE INFOCOM'89}}
@String{ infocom90 = {Proc. IEEE INFOCOM'90}}
@String{ infocom91 = {Proc. IEEE INFOCOM'91}}
@String{ infocom92 = {Proc. IEEE INFOCOM'92}}
@String{ infocom93 = {Proc. IEEE INFOCOM'93}}
@String{ infocom94 = {Proc. IEEE INFOCOM'94}}
@String{ infocom95 = {Proc. IEEE INFOCOM'95}}
@String{ infocom96 = {Proc. IEEE INFOCOM'96}}
@String{ infocom97 = {Proc. IEEE INFOCOM'97}}
@String{ infocom98 = {Proc. IEEE INFOCOM'98}}
@String{ infocom99 = {Proc. IEEE INFOCOM'99}}
@String{ infocom00 = {Proc. IEEE INFOCOM'00}}
@String{ infocom01 = {Proc. IEEE INFOCOM'01}}
@String{ infocom02 = {Proc. IEEE INFOCOM'02}}
@String{ infocom03 = {Proc. IEEE INFOCOM'03}}
@String{ infocom04 = {Proc. IEEE INFOCOM'04}}

@String{ infocom = {Proc. IEEE INFOCOM}}
@String{ infocom89_adr 	= {Ottawa, Canada   }}
@String{ infocom90_adr 	= {San Francisco, CA}}
@String{ infocom91_adr 	= {Bal Harbour, FL  }}
@String{ infocom92_adr 	= {Florence, Italy  }}
@String{ infocom93_adr 	= {San Francisco, CA}}
@String{ infocom94_adr 	= {Toronto, Canada  }}
@String{ infocom95_adr 	= {Boston, MA       }}
@String{ infocom96_adr 	= {San Francisco, CA}}
@String{ infocom97_adr 	= {Kobe, Japan      }}
@String{ infocom98_adr 	= {San Francisco, CA}}
@String{ infocom99_adr 	= {New York, NY     }}
@String{ infocom00_adr 	= {Tel Aviv, Israel }}
@String{ infocom01_adr 	= {Anchorage, AK    }}
@String{ infocom02_adr 	= {New York, NY     }}
@String{ infocom03_adr 	= {San Francisco, CA}}
@String{ infocom04_adr 	= {Hongkong}}

@String{ mobihoc00 = {Proc. ACM MobiHoc'00}}
@String{ mobihoc01 = {Proc. ACM MobiHoc'01}}
@String{ mobihoc02 = {Proc. ACM MobiHoc'02}}
@String{ mobihoc03 = {Proc. ACM MobiHoc'03}}
@String{ mobihoc04 = {Proc. ACM MobiHoc'04}}
@String{ mobihoc05 = {Proc. ACM MobiHoc'05}}

@String{ mobihoc00_adr = {Boston, USA}}
@String{ mobihoc01_adr = {Proc. ACM MobiHoc'01}}
@String{ mobihoc02_adr = {Proc. ACM MobiHoc'02}}
@String{ mobihoc03_adr = {Maryland, USA}}
@String{ mobihoc04_adr = {Proc. ACM MobiHoc'04}}
@String{ mobihoc05_adr = {Proc. ACM MobiHoc'05}}

@String{ sigcomm = {Proc. ACM SIGCOMM}}
@String{ sigcomm90 = {Proc. ACM SIGCOMM'90}}
@String{ sigcomm91 = {Proc. ACM SIGCOMM'91}}
@String{ sigcomm92 = {Proc. ACM SIGCOMM'92}}
@String{ sigcomm96 = {Proc. ACM SIGCOMM'96}}
@String{ sigcomm98 = {Proc. ACM SIGCOMM'98}}
@String{ sigcomm99 = {Proc. ACM SIGCOMM'99}}
@String{ sigcomm00 = {Proc. ACM SIGCOMM'00}}
@String{ sigcomm01 = {Proc. ACM SIGCOMM'01}}
@String{ sigcomm96_adr = {Palo Alto, CA}}
@String{ sigcomm98_adr = {Vancouver, Canada}}
@String{ sigcomm99_adr = {Cambridge, MA}}
@String{ sigcomm00_adr = {Stockholm, Sweden}}
@String{ sigcomm01_adr = {San Francisco, CA}}

@String{ gc = {Proc. IEEE GLOBECOM}}
@String{ gc89 = {Proc. IEEE GLOBECOM'89}}
@String{ gc90 = {Proc. IEEE GLOBECOM'90}}
@String{ gc91 = {Proc. IEEE GLOBECOM'91}}
@String{ gc92 = {Proc. IEEE GLOBECOM'92}}
@String{ gc93 = {Proc. IEEE GLOBECOM'93}}
@String{ gc94 = {Proc. IEEE GLOBECOM'94}}
@String{ gc95 = {Proc. IEEE GLOBECOM'95}}
@String{ gc96 = {Proc. IEEE GLOBECOM'96}}
@String{ gc97 = {Proc. IEEE GLOBECOM'97}}
@String{ gc98 = {Proc. IEEE GLOBECOM'98}}
@String{ gc99 = {Proc. IEEE GLOBECOM'99}}
@String{ gc00 = {Proc. IEEE GLOBECOM'00}}
@String{ gc01 = {Proc. IEEE GLOBECOM'01}}
@String{ gc02 = {Proc. IEEE GLOBECOM'02}}
@String{ gc89_adr  = {Dallas, Texas}}
@String{ gc90_adr  = {San Diego, CA}}
@String{ gc91_adr  = {New York, NY}}
@String{ gc92_adr  = {Orlando, FL}}
@String{ gc93_adr  = {Houston, TX}}
@String{ gc94_adr  = {San Francisco, CA}}
@String{ gc95_adr  = {Westin Stamford \& Westin Plaza, Singapore}}
@String{ gc96_adr  = {Queen Elizabeth II Conference Centre Westminster, London}}
@String{ gc97_adr  = {Phoenix, AZ}}
@String{ gc98_adr  = {Sydney, Australia}}
@String{ gc99_adr  = {Rio de Janeiro, Brazil}}
@String{ gc00_adr  = {San Francisco, CA}}
@String{ gc01_adr  = {San Antonio, TX}}
@String{ gc02_adr  = {Taipei, Taiwan}}